<?xml version="1.0" encoding="UTF-8"?><collection xmlns="http://www.loc.gov/MARC21/slim"><record><leader>00421nam--2200121-i-4500</leader><controlfield tag="001">000042703</controlfield><controlfield tag="002">20161230</controlfield><controlfield tag="005">20161230201043</controlfield><controlfield tag="008">060222s1000------------r-----000-0-eng-d</controlfield><datafield ind1=" " ind2=" " tag="080"><subfield code="a">621.86/87(083.96)+621.595(083.96)</subfield></datafield><datafield ind1=" " ind2=" " tag="245"><subfield code="a">Prescriptii tehnice pt.verificarea si autorizarea instalatiilor mecanice sub presiune si instalatiilor de ridicat. c 1-74. ed.oficiala</subfield></datafield><datafield ind1=" " ind2=" " tag="260"><subfield code="a">Bucuresti, Ed.Tehnica, 1974, 20p</subfield></datafield><datafield ind1=" " ind2=" " tag="852"><subfield code="a">43000</subfield></datafield></record></collection>